@book{herman,
	author  = "Herman, E and Strang, G",
	title   = "The Definite Integral",
	year    = "2020",
	url   = "https://math.libretexts.org/Bookshelves/Calculus/Book%3A_Calculus_(OpenStax)/05%3A_Integration/5.2%3A_The_Definite_Integral"
}

@book{leithold,
	author	= "Leithold, L",
	title	= "The calculus 7 of a single varialbe",
	publisher = "HarperCollins College Publishers",
	year	= "1996",
	address = "NY"
}

@book{stewart,
	author = "Stewart, J",
	year = "2016",
	title = "Calculus",
	subtitle = "Early transcendentals",
	edition = "8",
	publisher = "Cengage Learning",
	note = "International metric version"
}